@article{authorpaperscopus_1,
    title = {An {Article} in {English}},
    language = {english},
    journal = {Some {Scopus}-indexed journal},
    author = {Secondname, Firstname},
    year = {2016},
    pages = {205--215},
    addendum = {0,48~p.~p.},
}

@article{authorpaperscopus_2,
    title = {An article in {Russian} {Scopus}-indexed journal},
    language = {english},
    journal = {{Russian} {Scopus}-indexed journal},
    author = {Secondname1, Firstname1 Patronymic1 and Secondname2, Firstname2 Patronymic2},
    year = {2016},
    pages = {10--20},
    addendum = {In~Russ.; 1,24~p.~p. / 0,62~p.~p.},
}
