@patent{authorprogram_1,
    title = {Программа},
    heading = {Программа для ЭВМ XXXXXXXXXX},
    requestnumber = {YYYYYYYYYY},
    author = {Фамилия1, Имя1 Отчество1 and Фамилия2, Имя2 Отчество2},
    publicationdate = {2018-12-12},
    language = {russian},
    addendum = {50\%},
}

