@patent{authorpatent_1_EN,
    title = {Patent title},
    heading = {RU Patent XXXXXXX},
    requestnumber = {YYYYYYYYYY},
    prioritydate = {2016-12-12},
    author = {Secondname1, Firstname1 Patronymic1 and Secondname2, Firstname2 Patronymic2},
    publicationdate = {2017-08-15},
    publication={Bul.~YYYY.~\textnumero~MM},
    language = {english},
    addendum = {50\%},
}
