@article{authorpaper_1_EN,
    title = {The author's article (not {VAK})},
    volume = {3},
    language = {english},
    journal = {Non-{VAK} journal},
    author = {Secondname, Firstname Patronymic},
    year = {2017},
    pages = {10--20},
    addendum = {In~Russ.; 0,40~p.~p.},
}
