@article{authorpapervak_1,
    title = {Публикация автора ({ВАК})},
    volume = {1},
    language = {russian},
    number = {1},
    journal = {Издание из перечня {ВАК}},
    author = {Фамилия, Имя Отчество},
    year = {2015},
    pages = {76--82},
    addendum = {0,81~п.~л.},
}
