@patent{authorpatent_1,
    title = {Название патента},
    heading = {Патент РФ XXXXXXX},
    requestnumber = {YYYYYYYYYY},
    prioritydate = {2016-12-12},
    author = {Фамилия1, Имя1 Отчество1 and Фамилия2, Имя2 Отчество2},
    publicationdate = {2017-08-15},
    publication={Бюл.~YYYY.~\textnumero~MM},
    language = {russian},
    addendum = {50\%},
}
