@patent{authorprogram_1_EN,
    title = {Program},
    heading = {Computer program XXXXXXXXXX},
    requestnumber = {YYYYYYYYYY},
    author = {Secondname1, Firstname1 Patronymic1 and Secondname2, Firstname2 Patronymic2},
    publicationdate = {2018-12-12},
    language = {english},
    addendum = {50\%},
}

