@article{authorpaper_1,
    title = {Публикация автора (не {ВАК})},
    volume = {3},
    language = {russian},
    journal = {Издание не из перечня {ВАК}},
    author = {Фамилия, Имя Отчество},
    year = {2017},
    pages = {10--20},
    addendum = {0,40~п.~л.},
}
