@article{authorpaperscopus_1,
    title = {An {Article} in {English}},
    language = {english},
    journal = {Some {Scopus}-indexed journal},
    author = {Secondname, Firstname},
    year = {2016},
    pages = {205--215},
    addendum = {0,48~п.~л.},
}

@article{authorpaperscopus_2,
    title = {Статья в российском журнале, индексируемом в базе Scopus},
    language = {russian},
    journal = {Российский журнал, индексируемый в базе {Scopus}},
    author = {Фамилия1, Имя1 Отчество1 and Фамилия2, Имя2 Отчество2},
    year = {2016},
    pages = {10--20},
    addendum = {1,24~п.~л. / 0,62~п.~л.},
}
