@article{authorpapervak_1,
    title = {Author's journal ({VAK})},
    volume = {1},
    language = {english},
    number = {1},
    journal = {{VAK} journal},
    author = {Secondname, Firstname Patronymic},
    year = {2015},
    pages = {76--82},
    addendum = {In~Russ.; 0,81~p.~p.},
}
